% This file was created with JabRef 2.3.1.
% Encoding: UTF8

@TECHREPORT{Guenes+:2008TR,
	author = {Mesut Güneş and Bastian Blywis and Felix Juraschek and Philipp Schmidt},
	title = {Concept and Design of the Hybrid Distributed Embedded Systems Testbed},
	institution = {Freie Universität Berlin},
	year = {2008},
	number = {TR-B-08-10},
	owner = {jurasch},
	timestamp = {2008.07.16}
}

@misc{ihs:2016:iotdevices,
	author = {{IHS}},
	title = {Internet of Things ({IoT}) connected devices installed base worldwide from 2015 to 2025 (in billions)},
	publisher = {Statista},
	howpublished = {\url{https://www.statista.com/statistics/471264/iot-number-of-connected-devices-worldwide/}},
	note = {Accessed June 14, 2019},
	year = {2016},
}

@misc{latexmk,
	title = {{Using Latexmk}},
	year = {2021},
	month = {Feb},
	note = {[Online; accessed 17. Feb. 2021]},
	url = {https://mg.readthedocs.io/latexmk.html}
}
